% example .bib file for use with projectpaper.tex

@book{budgen
  ,author = {David Budgen}
  ,title = {Software Design}
  ,edition = "2nd"
  ,year = 2003
  ,publisher = {Addison Wesley}
}

@unpublished{euther
  ,author = {K. Euther}
  ,title = {Title of Paper}
  ,year = 2006
  ,note = {unpublished}
}

@unpublished{futher
  ,author = {R. Futher}
  ,title = {Title of Paper 2}
  ,year = 2006
  ,journal = {J. Name. Stand. Abbrev.}
  ,note = {submitted for publication}
}

% Sarcasm definition
@misc{cambridgesarcasm2019,
  author = {Cambridge University Press},
  year = {2019},
  title = {SARCASM: meaning in the Cambridge English Dictionary},
  publisher = {Cambridge University Press},
  howpublished = {\url{https://dictionary.cambridge.org/dictionary/english/sarcasm}},
  note = {Last accessed: 23 Oct 2019}
}

% Irony definition
@misc{cambridgeirony2019,
  author = {Cambridge University Press},
  year = {2019},
  title = {IRONY: meaning in the Cambridge English Dictionary},
  publisher = {Cambridge University Press},
  howpublished = {\url{https://dictionary.cambridge.org/dictionary/english/irony}},
  note = {Last accessed: 23 Oct 2019}
}